%YAML 1.1
%TAG !u! tag:unity3d.com,2011:
--- !u!241 &24100000
AudioMixerController:
  m_ObjectHideFlags: 0
  m_PrefabParentObject: {fileID: 0}
  m_PrefabInternal: {fileID: 0}
  m_Name: MasterMixer
  m_OutputGroup: {fileID: 0}
  m_MasterGroup: {fileID: 24300001}
  m_Snapshots:
  - {fileID: 245419837497608878}
  - {fileID: 245881394767912096}
  m_StartSnapshot: {fileID: 245419837497608878}
  m_SuspendThreshold: -80
  m_EnableSuspend: 1
  m_UpdateMode: 0
  m_ExposedParameters:
  - guid: bcc7ed2031442194c81040d93dc7d3b2
    name: masterVol
  - guid: efe13f14f131fa749a4f08f6bc45ff76
    name: musicVol
  - guid: 752cf8d86e3e0e44f84b0a5241ddc3ec
    name: sfxVol
  m_AudioMixerGroupViews:
  - guids:
    - 80789edc211641a4ba963b0a1f114106
    - a9b044b69995f86469b3acc238081e0d
    - 36b64a6e185baf84a8b27897da66e5fe
    name: View
  m_CurrentViewIndex: 0
  m_TargetSnapshot: {fileID: 245419837497608878}
--- !u!243 &24300001
AudioMixerGroupController:
  m_ObjectHideFlags: 0
  m_PrefabParentObject: {fileID: 0}
  m_PrefabInternal: {fileID: 0}
  m_Name: Master
  m_AudioMixer: {fileID: 24100000}
  m_GroupID: 80789edc211641a4ba963b0a1f114106
  m_Children:
  - {fileID: 243825872592447528}
  - {fileID: 243564602274219654}
  m_Volume: bcc7ed2031442194c81040d93dc7d3b2
  m_Pitch: 59b2d629cf7f8544c96090db383b8da5
  m_Effects:
  - {fileID: 24400002}
  m_UserColorIndex: 0
  m_Mute: 0
  m_Solo: 0
  m_BypassEffects: 0
--- !u!244 &24400002
AudioMixerEffectController:
  m_ObjectHideFlags: 3
  m_PrefabParentObject: {fileID: 0}
  m_PrefabInternal: {fileID: 0}
  m_Name: 
  m_EffectID: 07be1f036b8803e49a6ff9bbb461f526
  m_EffectName: Attenuation
  m_MixLevel: 7df617d8a7f0dc34d8a85454e903647a
  m_Parameters: []
  m_SendTarget: {fileID: 0}
  m_EnableWetMix: 0
  m_Bypass: 0
--- !u!243 &243564602274219654
AudioMixerGroupController:
  m_ObjectHideFlags: 0
  m_PrefabParentObject: {fileID: 0}
  m_PrefabInternal: {fileID: 0}
  m_Name: Music
  m_AudioMixer: {fileID: 24100000}
  m_GroupID: a9b044b69995f86469b3acc238081e0d
  m_Children: []
  m_Volume: efe13f14f131fa749a4f08f6bc45ff76
  m_Pitch: e9bc6169adfd66d4382bf8d647f1269e
  m_Effects:
  - {fileID: 244869278810786714}
  m_UserColorIndex: 0
  m_Mute: 0
  m_Solo: 0
  m_BypassEffects: 0
--- !u!243 &243825872592447528
AudioMixerGroupController:
  m_ObjectHideFlags: 0
  m_PrefabParentObject: {fileID: 0}
  m_PrefabInternal: {fileID: 0}
  m_Name: SoundFx
  m_AudioMixer: {fileID: 24100000}
  m_GroupID: 36b64a6e185baf84a8b27897da66e5fe
  m_Children: []
  m_Volume: 752cf8d86e3e0e44f84b0a5241ddc3ec
  m_Pitch: 88a57155d421ba648ba596c851cf2193
  m_Effects:
  - {fileID: 244218411804097296}
  m_UserColorIndex: 0
  m_Mute: 0
  m_Solo: 0
  m_BypassEffects: 0
--- !u!244 &244218411804097296
AudioMixerEffectController:
  m_ObjectHideFlags: 3
  m_PrefabParentObject: {fileID: 0}
  m_PrefabInternal: {fileID: 0}
  m_Name: 
  m_EffectID: 66288c664cf9c124d850cb3bedb34c4f
  m_EffectName: Attenuation
  m_MixLevel: 7a82fdc7491c0224c8d6b5e3afef5cd1
  m_Parameters: []
  m_SendTarget: {fileID: 0}
  m_EnableWetMix: 0
  m_Bypass: 0
--- !u!244 &244869278810786714
AudioMixerEffectController:
  m_ObjectHideFlags: 3
  m_PrefabParentObject: {fileID: 0}
  m_PrefabInternal: {fileID: 0}
  m_Name: 
  m_EffectID: 02c8179ca6aa84a44b50be8a67bafd99
  m_EffectName: Attenuation
  m_MixLevel: ff4188dc90fb01b44ab208021a25affb
  m_Parameters: []
  m_SendTarget: {fileID: 0}
  m_EnableWetMix: 0
  m_Bypass: 0
--- !u!245 &245419837497608878
AudioMixerSnapshotController:
  m_ObjectHideFlags: 0
  m_PrefabParentObject: {fileID: 0}
  m_PrefabInternal: {fileID: 0}
  m_Name: VolumeUp
  m_AudioMixer: {fileID: 24100000}
  m_SnapshotID: 1d499ab58dd58354c82da9348a41eb2c
  m_FloatValues:
    bcc7ed2031442194c81040d93dc7d3b2: -0.08374829
    efe13f14f131fa749a4f08f6bc45ff76: 0
  m_TransitionOverrides: {}
--- !u!245 &245881394767912096
AudioMixerSnapshotController:
  m_ObjectHideFlags: 0
  m_PrefabParentObject: {fileID: 0}
  m_PrefabInternal: {fileID: 0}
  m_Name: VolumenDown
  m_AudioMixer: {fileID: 24100000}
  m_SnapshotID: d084d0fd7edd8b44891d028dfe346363
  m_FloatValues: {}
  m_TransitionOverrides: {}
